@ARTICLE{Yousef2011-rc,
  title   = "Tactile sensing for dexterous in-hand manipulation in robotics---A
             review",
  author  = "Yousef, Hanna and Boukallel, Mehdi and Althoefer, Kaspar",
  journal = "Sens. Actuators A Phys.",
  volume  =  167,
  number  =  2,
  pages   = "171-187",
  month   =  jun,
  year    =  2011
}

@ARTICLE{Schiefer2018-tt,
  title    = "Artificial tactile and proprioceptive feedback improves
              performance and confidence on object identification tasks",
  author   = "Schiefer, Matthew A and Graczyk, Emily L and Sidik, Steven M and
              Tan, Daniel W and Tyler, Dustin J",
  journal  = "PLoS One",
  volume   =  13,
  number   =  12,
  pages    = "e0207659",
  month    =  dec,
  year     =  2018,
  language = "en"
}

@INCOLLECTION{Maduri2019-ry,
  title     = "Upper Limb Amputation",
  booktitle = "{StatPearls}",
  author    = "Maduri, Prathusha and Akhondi, Hossein",
  publisher = "StatPearls Publishing",
  month     =  may,
  year      =  2019,
  address   = "Treasure Island (FL)"
}

@ARTICLE{Su2019-ws,
  title    = "A {CNN-Based} Method for Intent Recognition Using Inertial
              Measurement Units and Intelligent Lower Limb Prosthesis",
  author   = "Su, Ben-Yue and Wang, Jie and Liu, Shuang-Qing and Sheng, Min and
              Jiang, Jing and Xiang, Kui",
  journal  = "IEEE Trans. Neural Syst. Rehabil. Eng.",
  volume   =  27,
  number   =  5,
  pages    = "1032-1042",
  month    =  may,
  year     =  2019,
  language = "en"
}

@ARTICLE{Pennywitt1986-ww,
  title   = "Robotic tactile sensing",
  author  = "Pennywitt, Kirk E",
  journal = "Byte, Jan",
  volume  =  14,
  year    =  1986
}

@ARTICLE{Charalambides2017-vy,
  title   = "Rapid Manufacturing of Mechanoreceptive Skins for Slip Detection
             in Robotic Grasping",
  author  = "Charalambides, Alexi and Bergbreiter, Sarah",
  journal = "Adv. Mater. Technol.",
  volume  =  2,
  number  =  1,
  pages   = "1600188",
  month   =  jan,
  year    =  2017
}

@ARTICLE{Dargahi2004-tv,
  title    = "Human tactile perception as a standard for artificial tactile
              sensing--a review",
  author   = "Dargahi, J and Najarian, S",
  journal  = "Int. J. Med. Robot.",
  volume   =  1,
  number   =  1,
  pages    = "23-35",
  month    =  jun,
  year     =  2004,
  language = "en"
}

@INCOLLECTION{Stillfried2014-to,
  title     = "{MRI-Based} Skeletal Hand Movement Model",
  booktitle = "The Human Hand as an Inspiration for Robot Hand Development",
  author    = "Stillfried, Georg and Hillenbrand, Ulrich and Settles, Marcus
               and van der Smagt, Patrick",
  editor    = "Balasubramanian, Ravi and Santos, Veronica J",
  publisher = "Springer International Publishing",
  volume    =  95,
  pages     = "49-75",
  series    = "Springer Tracts in Advanced Robotics",
  year      =  2014,
  address   = "Cham"
}
@ARTICLE{Li2019-eu,
  title         = "Connecting Touch and Vision via {Cross-Modal} Prediction",
  author        = "Li, Yunzhu and Zhu, Jun-Yan and Tedrake, Russ and Torralba,
                   Antonio",
  month         =  jun,
  year          =  2019,
  archivePrefix = "arXiv",
  primaryClass  = "cs.CV",
  eprint        = "1906.06322"
}

@ARTICLE{Calandra2018-zy,
  title         = "More Than a Feeling: Learning to Grasp and Regrasp using
                   Vision and Touch",
  author        = "Calandra, Roberto and Owens, Andrew and Jayaraman, Dinesh
                   and Lin, Justin and Yuan, Wenzhen and Malik, Jitendra and
                   Adelson, Edward H and Levine, Sergey",
  month         =  may,
  year          =  2018,
  archivePrefix = "arXiv",
  primaryClass  = "cs.RO",
  eprint        = "1805.11085"
}

@ARTICLE{Takahashi2018-yg,
  title         = "Deep {Visuo-Tactile} Learning: Estimation of Tactile
                   Properties from Images",
  author        = "Takahashi, Kuniyuki and Tan, Jethro",
  month         =  mar,
  year          =  2018,
  archivePrefix = "arXiv",
  primaryClass  = "cs.RO",
  eprint        = "1803.03435"
}

@ARTICLE{Lee2018-gm,
  title         = "Making Sense of Vision and Touch: {Self-Supervised} Learning
                   of Multimodal Representations for {Contact-Rich} Tasks",
  author        = "Lee, Michelle A and Zhu, Yuke and Srinivasan, Krishnan and
                   Shah, Parth and Savarese, Silvio and Fei-Fei, Li and Garg,
                   Animesh and Bohg, Jeannette",
  month         =  oct,
  year          =  2018,
  archivePrefix = "arXiv",
  primaryClass  = "cs.RO",
  eprint        = "1810.10191"
}


@ARTICLE{noauthor_undated-li,
  title  = "2015-fee-guideline.pdf",
  author = "Givens, Ray and Rose, Stevens and Rollins, Abe and Moudakis, John",
  pages  = "1-4",
  year   = 2015
}

@INPROCEEDINGS{Taverne2019-ve,
  title     = "Video-based Prediction of Hand-grasp Preshaping with Application
               to Prosthesis Control",
  booktitle = "2019 International Conference on Robotics and Automation
               ({ICRA})",
  author    = "Taverne, L T and Cognolato, M and B{\"u}tzer, T and Gassert, R
               and Hilliges, O",
  pages     = "4975-4982",
  month     =  may,
  year      =  2019
}


@ARTICLE{Ziegler-Graham2008-cx,
  title    = "Estimating the prevalence of limb loss in the United States: 2005
              to 2050",
  author   = "Ziegler-Graham, Kathryn and MacKenzie, Ellen J and Ephraim, Patti
              L and Travison, Thomas G and Brookmeyer, Ron",
  journal  = "Arch. Phys. Med. Rehabil.",
  volume   =  89,
  number   =  3,
  pages    = "422-429",
  month    =  mar,
  year     =  2008,
  language = "en"
}

@ARTICLE{Ten_Kate2017-sf,
  title     = "3D-printed upper limb prostheses: a review",
  author    = "ten Kate, Jelle and Smit, Gerwin and Breedveld, Paul",
  journal   = "Disabil. Rehabil. Assist. Technol.",
  publisher = "Taylor \& Francis",
  volume    =  12,
  number    =  3,
  pages     = "300-314",
  month     =  apr,
  year      =  2017
}

@ARTICLE{Hughes2019-hy,
  title    = "The effect of income and insurance on the likelihood of major leg
              amputation",
  author   = "Hughes, Kakra and Mota, Lucas and Nunez, Maria and Sehgal, Neil
              and Ortega, Gezzer",
  journal  = "J. Vasc. Surg.",
  volume   =  70,
  number   =  2,
  pages    = "580-587",
  month    =  aug,
  year     =  2019,
  language = "en"
}

@ARTICLE{Cordella2016-ny,
  title    = "Literature Review on Needs of Upper Limb Prosthesis Users",
  author   = "Cordella, Francesca and Ciancio, Anna Lisa and Sacchetti, Rinaldo
              and Davalli, Angelo and Cutti, Andrea Giovanni and Guglielmelli,
              Eugenio and Zollo, Loredana",
  journal  = "Front. Neurosci.",
  volume   =  10,
  pages    = "209",
  month    =  may,
  year     =  2016,
  language = "en"
}


@misc{Syntouch,
  title = {BioTac Product Manual - Syntouch},
  howpublished = {\url{https://www.syntouchinc.com/wp-content/uploads/2018/08/BioTac-Manual-V.21.pdf}},
  note = {Accessed: 2020-01-30}
}


@INCOLLECTION{Dehghani2010-yz,
  title     = "Intelligent Prosthesis -- a Biomechatronics Approach",
  booktitle = "Mechatronics in Action: Case Studies in Mechatronics --
               Applications and Education",
  author    = "Dehghani, Abbas",
  editor    = "Bradley, David and Russell, David W",
  publisher = "Springer London",
  pages     = "173-195",
  year      =  2010,
  address   = "London"
}